<record><leader>00000cas a22000007a 4500</leader><controlfield tag="001">18127629</controlfield><controlfield tag="008">880623d18881889nyudn ne      0    0eng d</controlfield><datafield ind1=" " ind2=" " tag="010"><subfield code="a">sn 88074537 </subfield></datafield><datafield ind1=" " ind2=" " tag="040"><subfield code="a">NYS</subfield><subfield code="b">eng</subfield><subfield code="c">NYS</subfield><subfield code="d">OCL</subfield><subfield code="d">OCLCQ</subfield></datafield><datafield ind1=" " ind2=" " tag="042"><subfield code="a">msc</subfield></datafield><datafield ind1="0" ind2="4" tag="245"><subfield code="a">The Ballston daily union.</subfield></datafield><datafield ind1=" " ind2=" " tag="260"><subfield code="a">Ballston Spa, N.Y. :</subfield><subfield code="b">B.F. Judson</subfield></datafield><datafield ind1=" " ind2=" " tag="300"><subfield code="a">v.</subfield></datafield><datafield ind1=" " ind2=" " tag="310"><subfield code="a">Daily (except Monday)</subfield></datafield><datafield ind1="1" ind2=" " tag="362"><subfield code="a">Began in 1888.</subfield></datafield><datafield ind1=" " ind2=" " tag="500"><subfield code="a">Published in a semiweekly edition, title unknown.</subfield></datafield><datafield ind1=" " ind2=" " tag="588"><subfield code="a">Description based on: Vol. 2, no. 226 (Mar. 1, 1889).</subfield></datafield><datafield ind1=" " ind2="4" tag="651"><subfield code="a">Ballston Spa (N.Y.)</subfield><subfield code="v">Newspapers.</subfield></datafield><datafield ind1=" " ind2=" " tag="752"><subfield code="a">United States</subfield><subfield code="b">New York</subfield><subfield code="c">Saratoga</subfield><subfield code="d">Ballston Spa.</subfield></datafield><datafield ind1="0" ind2="0" tag="785"><subfield code="t">Ballston union</subfield><subfield code="w">(DLC)sn 88074536</subfield><subfield code="w">(OCoLC)18127710</subfield></datafield><datafield ind1="1" ind2=" " tag="029"><subfield code="a">AU@</subfield><subfield code="b">000020517685</subfield></datafield></record>